Automatically generated by Mendeley Desktop 1.19.4
Any changes to this file will be lost if it is regenerated by Mendeley.

BibTeX export options can be customized via Preferences -> BibTeX in Mendeley Desktop

@book{Daley,
author = {Daley, D J and Springer, Vere-Jones},
file = {:Users/bgemily/Library/Application Support/Mendeley Desktop/Downloaded/Daley, Springer - Unknown - An Introduction to the Theory of Point Processes Volume I Elementary Theory and Methods, Second Edition(2).pdf:pdf},
title = {{An Introduction to the Theory of Point Processes: Volume I: Elementary Theory and Methods, Second Edition}}
}
